@article{Extrapolation,
  title    = {Extrapolation is not the same as interpolation},
  author   = {Wang, Y. and King, R.D.},
  journal  = {Machine Learning},
  year     = {2024},
  issn     = {1573-0565},
  doi      = {https://doi.org/10.1007/s10994-024-06591-2},
  url      = {https://link.springer.com/article/10.1007/s10994-024-06591-2},
  publisher = {Springer},
}
