% Как синтетические данные могут решать проблемы NLP, включая суммаризацию. Различные алгоритмы и стратегии.

@Article{Shorten2021,
  author    = {Shorten, Connor and Khoshgoftaar, Taghi M. and Furht, Borko},
  journal   = {Journal of Big Data},
  title     = {Text Data Augmentation for Deep Learning},
  year      = {2021},
  issn      = {2196-1115},
  month     = jul,
  number    = {1},
  volume    = {8},
  doi       = {10.1186/s40537-021-00492-0},
  publisher = {Springer Science and Business Media LLC},
}

% Исследует методы генерации качественных синтетических данных (GAN и VAE). Больше фокусируется на генерации данных, чем на конкретных методах оценки.

@article{Lu2023,
  author        = {Yingzhou Lu and Huazheng Wang and Wenqi Wei},
  journal       = {CoRR},
  title         = {Machine Learning for Synthetic Data Generation: a Review},
  year          = {2023},
  volume        = {abs/2302.04062},
  archiveprefix = {arXiv},
  bibsource     = {dblp computer science bibliography, https://dblp.org},
  biburl        = {https://dblp.org/rec/journals/corr/abs-2302-04062.bib},
  doi           = {10.48550/ARXIV.2302.04062},
  eprint        = {2302.04062}
}

% Предлагает сравнение методов суммаризации (экстрактивные и абстрактивные подходы), а также их метрики оценки. Подчеркивает проблемы текущих данных, актуально для улучшения синтетических. Не рассматривает роль синтетических данных для обучения или оценки.

@article{Yadav2022,
  author        = {Divakar Yadav and Jalpa Desai and Arun Kumar Yadav},
  journal       = {CoRR},
  title         = {Automatic Text Summarization Methods: {A} Comprehensive Review},
  year          = {2022},
  volume        = {abs/2204.01849},
  archiveprefix = {arXiv},
  bibsource     = {dblp computer science bibliography, https://dblp.org},
  biburl        = {https://dblp.org/rec/journals/corr/abs-2204-01849.bib},
  doi           = {10.48550/ARXIV.2204.01849},
  eprint        = {2204.01849}
}

% Представляет практический подход, охватывающий данные, модели и оценку. Обзор суммаризации на основе LLM. Не проводит глубокий анализ влияния синтетических данных на качество суммаризации с использованием LLM.

@article{Jin2024,
  author        = {Hanlei Jin and Yang Zhang and Dan Meng and Jun Wang and Jinghua Tan},
  journal       = {CoRR},
  title         = {A Comprehensive Survey on Process-Oriented Automatic Text Summarization with Exploration of LLM-Based Methods},
  year          = {2024},
  volume        = {abs/2403.02901},
  archiveprefix = {arXiv},
  bibsource     = {dblp computer science bibliography, https://dblp.org},
  biburl        = {https://dblp.org/rec/journals/corr/abs-2403-02901.bib},
  doi           = {10.48550/ARXIV.2403.02901},
  eprint        = {2403.02901}
}

% Показывает, как синтетические данные могут быть использованы для надежной оценки фактической согласованности, предоставляя метрики качества.

@article{Ahn2022,
  author        = {Jay Ahn and Foaad Khosmood},
  journal       = {CoRR},
  title         = {Evaluation of Automatic Text Summarization using Synthetic Facts},
  year          = {2022},
  volume        = {abs/2204.04869},
  archiveprefix = {arXiv},
  bibsource     = {dblp computer science bibliography, https://dblp.org},
  biburl        = {https://dblp.org/rec/journals/corr/abs-2204-04869.bib},
  doi           = {10.48550/ARXIV.2204.04869},
  eprint        = {2204.04869}
}

@article{Li2023,
  title   = {Synthetic Data Generation with Large Language Models for Text Classification: Potential and Limitations},
  author  = {Zhuoyan Li and Hangxiao Zhu and Zhuoran Lu and Ming Yin},
  journal = {ArXiv},
  year    = {2023},
  volume  = {abs/2310.07849},
  url     = {https://api.semanticscholar.org/CorpusID:263909512}
}

@article{Goyal2024,
  author    = {Goyal, Mandeep and Mahmoud, Qusay H.},
  journal   = {Electronics},
  title     = {A Systematic Review of Synthetic Data Generation Techniques Using Generative AI},
  year      = {2024},
  issn      = {2079-9292},
  month     = sep,
  number    = {17},
  pages     = {3509},
  volume    = {13},
  doi       = {10.3390/electronics13173509},
  publisher = {MDPI AG}
}

@misc{Sber2024,
  author = {Albina Akhmetgareeva and Alexander Abramov and Ilia Kuleshov and Vlad Leschuk and Alena Fenogenova},
  title  = {Towards Russian Summarization: can architecture solve data limitations problems?},
  year   = {2024},
  url    = {https://sberlabs.com/publications?publication=1600}
}

@Misc{Cao2022,
  author    = {Cao, Meng},
  title     = {A Survey on Neural Abstractive Summarization Methods and Factual Consistency of Summarization},
  year      = {2022},
  copyright = {arXiv.org perpetual, non-exclusive license},
  doi       = {10.48550/ARXIV.2204.09519},
  keywords  = {Computation and Language (cs.CL), FOS: Computer and information sciences, FOS: Computer and information sciences},
  publisher = {arXiv},
}

@Comment{jabref-meta: databaseType:bibtex;}
